@article{1,
  author = {European GNSS Agency},
  title =  {{GNSS Market Report}},
  number = {5},
  year   = {2017},
  url    = {https://www.gsa.europa.eu/system/files/reports/gnss_market_report_2017_-_surveying.pdf}
},
@article{2,
  author  = {Zumberge J.F. and Heflin M.B. and Jefferson D.C. and Watkins M.M. and Webb F.H.},
  title   = {{Precise Point Positioning for the efficient and robust analysis of GPS data from large  networks}},
  journal = {Geophysical Research},
  year    = {1997},
  volume  = {120},
  number  = {B3},
  pages   = {5005--5017}
}