@misc{EGA2017,
  language  = {russian},
  author    = {{European GNSS Agency}},
  title     = {{GNSS Market Report}},
  number    = {5},
  year      = {2017},
  url       = {https://www.gsa.europa.eu/system/files/reports/gnss_mr_2017.pdf},
  urldate   = {06.04.2020}
}

@article{Zumberge1997,
  author    = {{J.F. Zumberge, M.B. Heflin, D.C. Jefferson, et al.}},
  title     = {{Precise Point Positioning for the efficient and robust analysis of GPS data from large  networks}},
  journal   = {Geophysical Research},
  year      = {1997},
  volume    = {120},
  number    = {B3},
  pages     = {5005-5017},
  doi       = {10.1029/96JB03860}
}

@book{Hofmann2008,
  author    = {{B. Hofmann-Wellenhof, H. Lichtenegger, E. Wasle}},
  title     = {{GNSS – Global Navigation Satellite Systems: GPS, GLONASS, Galileo, and more}},
  publisher = {Springer},
  year      = {2008},
  isbn      = {9783211730126}
}

@article{Klobuchar1987, 
  author    = {{J.A. Klobuchar}}, 
  title     = {{Ionospheric Time-Delay Algorithm for Single-Frequency GPS Users}},
  journal   = {IEEE Transactions on Aerospace and Electronic Systems},
  year      = {1987}, 
  volume    = {AES-23}, 
  number    = {3}, 
  pages     = {325-331}
}

@misc{GPS,
  language  = {russian},
  author    = {{GPS: The Global Positioning System}},
  url       = {https://www.gps.gov},
  urldate   = {09.04.2020}
}

@article{Subirana2013,
  author    = {{J.S. Subirana, J.M.J Zornoza, M.H. Pajares}}, 
  title     = {{GNSS Data Processing, Vol. I: Fundamentals and Algorithms}},
  journal   = {ESA Communications},
  year      = {2013}
}

@book{Seeber2003,
  author    = {{G. Seeber}}, 
  title     = {{Satellite Geodesy, 2nd Edition}},
  publisher = {Walter de Gruyter}, 
  year      = {2003},
  isbn      = {9783110175493}
}

@article{Petovello2011, 
  author    = {{M.G. Petovello}}, 
  title     = {{Does the Magnitude of the GNSS Receiver Clock Offset Matter?}},
  journal   = {Inside GNSS},
  year      = {2011}, 
  volume    = {6},
  number    = {2},
  pages     = {23-25}
}

@article{Montebruck2015, 
  author    = {{O. Montenbruck, P. Steigenberger, A. Hauschild}}, 
  title     = {{Broadcast versus precise ephemerides: a multi-GNSS perspective}},
  journal   = {GPS Splutions},
  year      = {2015}, 
  volume    = {19},
  number    = {2},
  pages     = {321-333}
}

@article{Hecimovic2013, 
  author    = {{Z. Hecimovic}}, 
  title     = {{Relativistic Effects on Satellite Navigation}},
  journal   = {Tehnicki Vjesnik},
  year      = {2013}, 
  volume    = {20},
  number    = {1},
  pages     = {195-203}
}

@article{Wells1987,
  author    = {{L.L. Wells}}, 
  title     = {{Field Test Results on the Use of Translated GPS for TRIDENT I}},
  journal   = {Navigation},
  year      = {1987}, 
  volume    = {34},
  number    = {2},
  pages     = {115-123}
}

@article{VanNee1992,
  author    = {{R.D.J. Van Nee}}, 
  title     = {{Multipath Effects on GPS Code Phase Mesurements}},
  journal   = {Navigation},
  year      = {1992}, 
  volume    = {39},
  number    = {2},
  pages     = {177-190}
}

@book{Rappaport2002,
  author    = {{T.S. Rappaport}}, 
  title     = {{Wireless Communications: Principles and Practice, 2nd Edition}},
  publisher = {Prentice Hall},
  year      = {2002},
  isbn      = {9788178086484} 
}

@article{Brunner1999,
  author    = {{F.K. Brunner, H. Hartinger, L. Troyer}}, 
  title     = {{GPS signal diffraction modelling: the stochastic SIGMA-$\delta$ model}},
  journal   = {Journal of Geodesy},
  year      = {1999}, 
  volume    = {75},
  number    = {5},
  pages     = {259-267}
}

@book{Xu2007,
  author    = {{G. Xu}}, 
  title     = {{GPS: Theory, Algorithms and Applications, 2nd Edition}},
  publisher = {Springer},
  year      = {2007},
  isbn      = {9783540727149} 
}

@book{Sickle2001,
  author    = {{J.V. Sickle}}, 
  title     = {{GPS for Land Surveyors}},
  publisher = {Crc Press},
  year      = {2001},
  isbn      = {9781575040752} 
}

@book{Rishbeth2003,
  author    = {{H. Rishbeth}}, 
  title     = {{Basic Physics of the Ionosphere, 2nd Edition}},
  publisher = {Propagation of Radiowaves},
  year      = {2003},
  isbn      = {9781849190411} 
}

@misc{ITU-R2015,
  author    = {{ITU-R P.618-12}},
  title     = {{Propagation data and prediction methods required for the design of Earth-space telecommunication systems}},
  year      = {2015}
}

@article{Thebault2015,
  author    = {{E. Thebault, C.C. Finlay, C.D. Beggan, et al.}}, 
  title     = {{International Geomagnetic Reference Field: the 12th generation}},
  journal   = {Earth, Planets and Space},
  year      = {2015}, 
  volume    = {67},
  doi       = {10.1186/s40623-015-0228-9}
}

@article{Rizos2002,
  author    = {{C. Rizos}}, 
  title     = {{Network RTK Research and Implementation: A Geodetic Perspective}},
  journal   = {Journal of Global Positioning Systems},
  year      = {2002}, 
  volume    = {1},
  number    = {2},
  pages     = {144-150},
  doi       = {10.5081/jgps.1.2.144}
}

@article{Jacobsen2012,
  author    = {{K.S. Jacobsen, S. Schafer}}, 
  title     = {{Observed effects of a geomagnetic storm on an RTK positioningnetwork at high latitudes}},
  journal   = {J. Space Weather Space Clim},
  year      = {2012}, 
  volume    = {2},
  doi       = {10.1051/swsc/2012013}
}

@article{Bergeot2011,
  author    = {{N. Bergeot, C. Bruyninx, P. Defraigne, et al.}}, 
  title     = {{Impact of the Halloween 2003 ionospheric storm on kinematic GPS positioning in Europe}},
  journal   = {GPS Solutions},
  year      = {2011}, 
  volume    = {15},
  number    = {2},
  pages     = {171-180},
  doi       = {10.1007/s10291-010-0181-9}
}

@article{Lejeune2012,
  author    = {{S. Lejeune, G. Wautelet, R. Warnant}}, 
  title     = {{Ionospheric effects on relative positioning within a dense GPS network}},
  journal   = {GPS Solutions},
  year      = {2012}, 
  volume    = {16},
  number    = {1},
  pages     = {105-116},
  doi       = {10.1007/s10291-011-0212-1}
}

@article{Jacobsen2016,
  author    = {{K.S. Jacobsen, Y.L. Andalsvik}}, 
  title     = {{Overview of the 2015 St. Patrick’s day storm and its consequences for RTK and PPP positioning in Norway}},
  journal   = {J. Space Weather Space Clim},
  year      = {2016}, 
  volume    = {6},
  doi       = {10.1051/swsc/2016004}
}

@article{Lou2016,
  author    = {{Y. Lou, F. Zheng, S. Gu, et al.}}, 
  title     = {{Multi-GNSS precise point positioning with raw single-frequency and dual-frequency measurement models}},
  journal   = {GPS Solutions},
  year      = {2016}, 
  volume    = {20},
  number    = {4},
  pages     = {849-862},
  doi       = {10.1007/s10291-015-0495-8}
}

@article{Luo2018,
  author    = {{X. Luo, S. Gu, Y. Lou, et al.}}, 
  title     = {{Assessing the Performance of GPS Precise Point Positioning Under Different Geomagnetic Storm Conditions during Solar Cycle 24}},
  journal   = {Sensors},
  year      = {2018}, 
  volume    = {18},
  number    = {6},
  pages     = {849-862},
  doi       = {10.3390/s18061784}
}

@article{Dow2009,
  author    = {{J.M. Dow, R.E. Neilan, C. Rizos}}, 
  title     = {{The international GNSS service in a changing landscape of Global Navigation Satellite Systems}},
  journal   = {Journal of Geodesy},
  year      = {2009}, 
  volume    = {83},
  pages     = {191-198},
  doi       = {10.1007/s00190‐008‐0300‐3}
}

@article{Jayachandran2009,
  author    = {{P.T. Jayachandran, R.B. Langley, J.W. MacDougall, et al.}}, 
  title     = {{The Canadian High Arctic Ionospheric Network (CHAIN)}},
  journal   = {Radio Science},
  year      = {2009}, 
  volume    = {44},
  doi       = {10.1029/2008RS004046}
}

@article{Zhou2018,
  author    = {{F. Zhou, D. Dong, W. Li, et al.}}, 
  title     = {{GAMP: An open-source software of multi-GNSS precise point positioning using undifferenced and uncombined observations}},
  journal   = {GPS Solutions},
  year      = {2018}, 
  volume    = {22},
  doi       = {10.1007/s10291-018-0699-9}
}

@book{Leick2015,
  author    = {{A. Leick, L. Rapoport, D. Tatarnikov}}, 
  title     = {{Gps Satellite Surveying, 4th Edition}},
  publisher = {Wiley},
  year      = {2015},
  isbn      = {9781118675571} 
}

@article{Chernogor2011,
  author    = {{L.F. Chernogor, F.L. Frolov, G.P. Komrakov, et al.}}, 
  title     = {{Variations in the ionospheric wave perturbation spectrum during periodic heating of the plasma by high‐power high‐frequency radio waves}},
  journal   = {Radiophys Quantum El.},
  year      = {2011}, 
  volume    = {54},
  number    = {2},
  pages     = {75-88},
  doi       = {10.1007/s11141-011-9272-x}
}

@article{Chernogor2013,
  author    = {{L.F. Chernogor, F.L. Frolov}}, 
  title     = {{Features of the wave disturbances in the ionosphere during periodic heating of the plasma by the SURA radiation}},
  journal   = {Radiophys Quantum El.},
  year      = {2013}, 
  volume    = {56},
  number    = {5},
  pages     = {276-289},
  doi       = {10.1007/s11141-013-9432-2}
}

@article{Gurevich2007,
  author    = {{A.V. Gurevich}}, 
  title     = {{Nonlinear effects in the ionosphere}},
  journal   = {Phys. Usp.},
  year      = {2007}, 
  volume    = {50},
  number    = {11},
  pages     = {1091-1121},
  doi       = {10.1070/PU2007v050n11ABEH006212}
}

@article{Streltsov2018,
  author    = {{A.V. Streltsov, J.J. Berthelier, A.A. Chernyshov, et al.}}, 
  title     = {{Past, Present and Future of Active Radio Frequency Experiments in Space}},
  journal   = {Space Science Reviews},
  year      = {2018}, 
  volume    = {214},
  number    = {8},
  pages     = {1-222},
  doi       = {10.1007/s11214-018-0549-7}
}

@article{Stubbe1996,
  author    = {{P. Stubbe}}, 
  title     = {{Review of ionospheric modification experiments at Tromso}},
  journal   = {Journal of Atmospheric and Terrestrial Physics},
  year      = {1996}, 
  volume    = {58},
  number    = {1-4},
  pages     = {349-368},
  doi       = {10.1016/0021-9169(95)00041-0}
}

@article{Erukhimov1987,
  author    = {{L.M. Erukhimov, S.A. Metelev, E.N. Myasnikov, et al.}}, 
  title     = {{Artificial ionospheric turbulence (review)}},
  journal   = {Radiophys Quantum El.},
  year      = {1987}, 
  volume    = {30},
  number    = {2},
  pages     = {208-225},
  doi       = {10.1007/BF01034489}
}

@article{Leyser2001,
  author    = {{T.B. Leyser}}, 
  title     = {{Stimulated electromagnetic emissions by high‐frequency electromagnetic pumping of the ionospheric plasma}},
  journal   = {Space Science Reviews},
  year      = {2001}, 
  volume    = {98},
  number    = {3},
  pages     = {223-238},
  doi       = {10.1023/A:1013875603938}
}

@article{Stubbe1997,
  author    = {{P. Stubbe, T. Hagfors}}, 
  title     = {{The Earth's ionosphere: A wall-less plasma laboratory}},
  journal   = {Surveys in Geophysics},
  year      = {1997}, 
  volume    = {18},
  number    = {1},
  pages     = {57-127},
  doi       = {10.1023/A:1006583101811}
}

@article{Grach2016,
  language  = {russian},
  author    = {{С.М. Грач, Е.Н. Сергеев, Е.В. Мишин и др.}}, 
  title     = {{Динамические характеристики плазменной турбулентности ионосферы, инициированной воздействием мощного коротковолнового радиоизлучения}},
  journal   = {Усп. физ. наук},
  year      = {2016}, 
  volume    = {186},
  number    = {11},
  pages     = {1189-1228},
  doi       = {10.3367/UFNr.2016.07.037868}
}

@article{Kunitsyn2012,
  author    = {{V.E. Kunitsyn, E.S. Andreeva, V.L. Frolov}}, 
  title     = {{Sounding of HF heating‐induced artificial ionospheric disturbances by navigational satellite radio transmissions}},
  journal   = {Radio Science},
  year      = {2012}, 
  volume    = {47},
  number    = {4},
  doi       = {10.1029/2011RS004957}
}

@article{Mishin2012,
  author    = {{E. Mishin, E. Sutton, G. Milikh, et al.}}, 
  title     = {{F2‐region atmospheric gravity waves due to high‐power HF heating and subauroral polarization streams}},
  journal   = {Geophysical Research Letters},
  year      = {2012}, 
  volume    = {39},
  number    = {11},
  doi       = {10.1029/2012GL052004}
}

@article{Pradipta2015,
  author    = {{R. Pradipta, M.C. Lee, J.A. Cohen, et al.}}, 
  title     = {{Generation of Artificial Acoustic-Gravity Waves and Traveling Ionospheric Disturbances in HF Heating Experiments}},
  journal   = {Earth, Moon, and Planets},
  year      = {2015}, 
  volume    = {116},
  number    = {1},
  pages     = {67-78},
  doi       = {10.1007/s11038-015-9461-2}
}

@article{Bernhardt2016,
  author    = {{P.A. Bernhardt, C.L. Siefring, S.J. Briczinski, et al.}}, 
  title     = {{Large ionospheric disturbances produced by the HAARP HF facility}},
  journal   = {Radio Science},
  year      = {2016}, 
  volume    = {51},
  number    = {7},
  pages     = {1081-1093},
  doi       = {10.1002/2015RS005883}
}

@article{Tereshchenko2000,
  author    = {{E.D. Tereshchenko, M.O. Kozlova, O.V. Evstafiev, et al.}}, 
  title     = {{Irregular structures of the F layer at high latitudes during ionospheric heating}},
  journal   = {Annales Geophysicae},
  year      = {2000}, 
  volume    = {18},
  pages     = {1197-1209},
  doi       = {10.1007/s00585-000-1197-1}
}

@article{Tereshchenko2004,
  author    = {{E.D. Tereshchenko, B.Z. Khudukon, A.V. Gurevich, et al.}}, 
  title     = {{Radio tomography and scintillation studies of ionospheric electron density modification caused by a powerful HF-wave and magnetic zenith effect at mid-latitudes}},
  journal   = {Physics Letters A},
  year      = {2004}, 
  volume    = {325},
  number    = {5-6},
  pages     = {381-388},
  doi       = {10.1016/j.physleta.2004.03.055}
}

@article{Jakowski1997,
  author    = {{N. Jakowski, E. Sardon, E. Engler, et al.}}, 
  title     = {{Relationships between GPS-signal propagation errors and EISCAT observations}},
  journal   = {Annales Geophysicae},
  year      = {1997}, 
  volume    = {14},
  number    = {12},
  pages     = {1429-1436},
  doi       = {10.1007/s00585-996-1429-0}
}

@article{Marques2018,
  author    = {{H.A. Marques, H.A.S. Marques, M. Aquino, et al.}}, 
  title     = {{Accuracy assessment of Precise Point Positioning with multi-constellation GNSS data under ionospheric scintillation effects}},
  journal   = {J. Space Weather Space Clim},
  year      = {2018}, 
  volume    = {8},
  doi       = {10.1051/swsc/2017043}
}

@article{Yasyukevich2018,
  author    = {{Yu. Yasyukevich, E. Astafyeva, A. Padokhin, et al.}}, 
  title     = {{The 6 September 2017 X‐Class Solar Flares and Their Impacts on the Ionosphere, GNSS, and HF Radio Wave Propagation}},
  journal   = {Space Weather},
  year      = {2018}, 
  volume    = {16},
  number    = {8},
  pages     = {1013-1027},
  doi       = {10.1029/2018SW001932}
}

@book{Frolov2017,
  language  = {russian},
  author    = {{В.Л. Фролов}}, 
  title     = {{Искусственная турбулентность среднеширотной ионосферы. Монография}},
  publisher = {ННГУ},
  year      = {2017}
}

@article{Belikovich2007,
  author    = {{V.V. Belikovich, S.M. Grach, A.N. Karashtin}}, 
  title     = {{The SURA facility: Study of the atmosphere and space}},
  journal   = {Radiophys Quantum El.},
  year      = {2007}, 
  volume    = {50},
  number    = {7},
  pages     = {497-526},
  doi       = {10.1007/s11141-007-0046-4}
}

@article{Juan2018,
  author    = {{J.M. Juan, J. Sanz, A. Rovira-Garcia, et al.}}, 
  title     = {{AATR an ionospheric activity indicator specifically based on GNSS measurements}},
  journal   = {J. Space Weather Space Clim.},
  year      = {2018}, 
  volume    = {8},
  doi       = {10.1051/swsc/2017044}
}

@misc{WDC,
  language  = {russian},
  author    = {{World Data Center for Geomagnetism, Kyoto}},
  url       = {http://wdc.kugi.kyoto-u.ac.jp},
  urldate   = {20.04.2020}
}

@article{Yasyukevich2020,
  author    = {{Yu.V. Yasyukevich, A.V. Kiselev, I.V. Zhivetiev, et al.}}, 
  title     = {{SIMuRG: System for Ionosphere Monitoring and Research from GNSS}},
  journal   = {GPS Solutions},
  year      = {2020}, 
  volume    = {24},
  doi       = {10.1007/s10291-020-00983-2}
}

@misc{SOHO,
  language  = {russian},
  author    = {{SOHO LASCO CME CATALOG}},
  url       = {https://cdaw.gsfc.nasa.gov/CME_list},
  urldate   = {21.04.2020}
}